<?xml version="1.0" encoding="UTF-8"?><collection xmlns="http://www.loc.gov/MARC21/slim"><record><leader>00646nam--2200193-u-4500</leader><controlfield tag="001">000056419</controlfield><controlfield tag="002">20161230</controlfield><controlfield tag="005">20161230201052</controlfield><controlfield tag="008">150814s1000------------r-----000-0-eng-d</controlfield><datafield ind1=" " ind2=" " tag="040"><subfield code="a">IFIN-HH</subfield></datafield><datafield ind1=" " ind2=" " tag="080"><subfield code="a">538.945:537.312.62(061.3)</subfield></datafield><datafield ind1="1" ind2=" " tag="100"><subfield code="a">Iye, Y</subfield></datafield><datafield ind1="1" ind2="0" tag="245"><subfield code="a">The physics and chemistry of oxide superconductors</subfield><subfield code="b">Proceedings od the second issp international symposium, tokyo, japan, january 16-18, 1991</subfield><subfield code="c">Y. iye, h. yasouka (eds.)</subfield></datafield><datafield ind1=" " ind2=" " tag="260"><subfield code="a">Berlin</subfield><subfield code="b">Springer-verlag</subfield><subfield code="c">1992</subfield></datafield><datafield ind1=" " ind2=" " tag="300"><subfield code="a">XXI+578P</subfield></datafield><datafield ind1=" " ind2=" " tag="490"><subfield code="a">Springer Proceedings In Physics. Vol. 60</subfield></datafield><datafield ind1="1" ind2=" " tag="700"><subfield code="a">Yasouka, H</subfield><subfield code="e">Ed</subfield></datafield><datafield ind1=" " ind2=" " tag="852"><subfield code="a">78675</subfield><subfield code="c">53</subfield></datafield><datafield ind1=" " ind2=" " tag="CAT"><subfield code="a">Sys</subfield><subfield code="c">20150814</subfield><subfield code="h">121208</subfield></datafield></record></collection>